@misc{stuff,
   author = {Ian Cutress},
   title = "Intel's Tick-Tock Seemingly Dead, Becomes Process-Architecture-Optimization",
   year = "2016",
   howpublished = "\url{http://www.anandtech.com/show/10183/intels-tick-tock-seemingly-dead-becomes-process-architecture-optimization}",
}
