@article{TRPO,
  author    = {John Schulman and
               Sergey Levine and
               Philipp Moritz and
               Michael I. Jordan and
               Pieter Abbeel},
  title     = {Trust Region Policy Optimization},
  journal   = {CoRR},
  volume    = {abs/1502.05477},
  year      = {2015},
  url       = {http://arxiv.org/abs/1502.05477},
  timestamp = {Mon, 02 Mar 2015 14:17:34 +0100},
  biburl    = {http://dblp.uni-trier.de/rec/bib/journals/corr/SchulmanLMJA15},
  bibsource = {dblp computer science bibliography, http://dblp.org}
}
